@INPROCEEDINGS{Kesavan.2023,
	author={Kesavan, Ram and Gay, David and Thevessen, Daniel and Shah, Jimit and Mohan, C.},
	booktitle={2023 IEEE 39th International Conference on Data Engineering (ICDE)}, 
	title={Firestore: The NoSQL Serverless Database for the Application Developer}, 
	year={2023},
	volume={},
	number={},
	pages={3376-3388},
	keywords={Databases;Scalability;Ecosystems;Prototypes;Mobile communication;Real-time systems;User experience;cloud;database;mobile and web applications;continuous queries},
	doi={10.1109/ICDE55515.2023.00259}
}

@misc{Firebase.2025,
	abstract = {Nutzen Sie unsere flexible, skalierbare NoSQL-Cloud-Datenbank, die auf der Google Cloud-Infrastruktur aufbaut, um Daten f{\"u}r die client- und serverseitige Entwicklung zu speichern und zu synchronisieren.},
	author = {Firebase},
	title = {Cloud Firestore},
	url = {https://firebase.google.com/docs/firestore?hl=de},
	note = {Zuletzt aktualisiert am: 13.05.2025. Zuletzt abgerufen am: 21.05.2025}
}

@misc{FirebaseDatenmodell.2025,
	year = {13.05.2025},
	title = {Cloud Firestore-Datenmodell},
	url = {https://firebase.google.com/docs/firestore/data-model?hl=de},
	note = {Zuletzt aktualisiert am: 13.05.2025. Zuletzt abgerufen am: 21.05.2025}
}

@misc{FirebaseComparison.2025,
	year = {13.05.2025},
	title = {Datenbank auswählen: Cloud Firestore oder Realtime Database},
	url = {https://firebase.google.com/docs/firestore/rtdb-vs-firestore?hl=de},
	note = {Zuletzt aktualisiert am: 13.05.2025. Zuletzt abgerufen am: 23.05.2025}
}

@misc{MoldStud.2025,
	year = {11.05.2025},
	title = {How Data Models Affect Normalization \& Denormalization in NoSQL Databases},
	url = {https://moldstud.com/articles/p-how-data-models-affect-normalization-denormalization-in-nosql-databases},
	note = {Zuletzt aktualisiert am: 11.05.2025. Zuletzt abgerufen am: 23.05.2025}
}

@misc{GoogleCloudQueries.2025,
	author = {{Google Cloud}},
	year = {15.05.2025},
	title = {Query and filter data},
	url = {https://cloud.google.com/firestore/native/docs/query-data/queries},
	note = {Zuletzt aktualisiert am: 15.05.2025. Zuletzt abgerufen am: 21.05.2025}
}


@misc{EmulatorSuite.2025,
	year = {08.05.2025},
	title = {Einführung in die Firebase Local Emulator Suite},
	url = {https://firebase.google.com/docs/emulator-suite?hl=de},
	note = {Zuletzt aktualisiert am: 08.05.2025. Zuletzt abgerufen am: 21.05.2025}
}


@misc{EmulatorInsall.2025,
	year = {08.05.2025},
	title = {Local Emulator Suite installieren, konfigurieren und integrieren {\&}nbsp;|{\&}nbsp; Firebase Local Emulator Suite},
	url = {https://firebase.google.com/docs/emulator-suite/install_and_configure?hl=de},
	note = {Zuletzt aktualisiert am: 08.05.2025. Zuletzt abgerufen am: 21.05.2025}
}

@misc{Estuary.2025,
	abstract = {Learn the Firestore best practices for optimizing your query performance and get up to speed on the newest features and capabilities.},
	author = {Estuary},
	year = {21.08.2024},
	title = {7+ Google Firestore Query Performance Best Practices for 2024},
	url = {https://estuary.dev/blog/firestore-query-best-practices/},
	note = {Zuletzt aktualisiert am: 21.08.2024. Zuletzt abgerufen am: 21.05.2025}
}



	